% Encoding: UTF-8

@misc{buckingham,
  author       = {H{\aa}kon Hanche-Olsen},
  title        = {The Buckingham Pi Theorem: Dimensional Analysis},
  url          = {\url{https://hanche.folk.ntnu.no/notes/buckingham/buckingham-a4.pdf}},
  urldate      = {2025-07-19},
  label        = {buck}
}

@article{Barbi,
  author       = {Barbi, Dirk and Münster, Gernot},
  title        = {Renormalization Group Analysis of Turbulent Hydrodynamics},
  url          = {https://arxiv.org/pdf/1012.0461},
  urldate      = {2025-07-19},
  label        = {normal}
}

@book{anderson,
  title     = {Computational Fluid Dynamics: The Basics with Applications},
  author    = {Anderson, John D., Jr.},
  year      = {1995},
  publisher = {McGraw-Hill},
  address   = {New York},
  isbn      = {9780070016854}
}

@book{pope,
  title     = {Turbulent Flows},
  author    = {Pope, Stephen B.},
  year      = {2000},
  publisher = {Cambridge University Press},
  isbn      = {9780521598866},
  address   = {Cambridge, UK}
}

@book{wyngaard,
  title     = {Turbulence in the Atmosphere},
  publisher = {Cambridge University Press},
  year      = {2010},
  author    = {John C. Wyngaard},
  address   = {Cambridge},
}

@techreport{Spieg,
author      = {M. Spieg},
title       = {Conservation Equations},
url         = {https://www.stat.uchicago.edu/~guillaumebal/COURSES/E3102/MSpieg-Conserveq.pdf},
urldate     = {2025-07-19},
label       = {conservation}
}

@techreport{silvestrini,
  author       = {Roger Lewandowski, Benoît Pinier},
  title        = {The Kolmogorov Law of turbulence, What can rigorously be proved ? Part II},
  url          = {https://hal.science/hal-01244651v1/document},
  urldate      = {2025-07-16},
  label        = {kolmogorov1}
}

@article{invariance,
  author    = {M. Oberlack},
  title     = {Invariant modeling in large-eddy simulation of turbulence},
  url       = {https://web.stanford.edu/group/ctr/ResBriefs97/oberlack.pdf},
  urldate   = {2025-07-19},
  label     = {invariance}
}

@misc{tensor,
  author       = {Bouchbinder, Eran},
  title        = {Solution to Tensor Analysis (Q1)},
  url          = {https://www.weizmann.ac.il/chembiophys/bouchbinder/sites/chemphys.bouchbinder/files/uploads/Courses/2023/HW/Q1-TensorsAnalysis-sol.pdf},
  urldate      = {2025-07-19},
  label        = {tensor}
}

@mastersthesis{rosler,
  author       = {Rösler, Marco},
  title        = {The Smagorinsky turbulence model},
  url          = {https://wias-berlin.de/people/john/BETREUUNG/bachelor_roesler.pdf},
  urldate      = {2025-07-19},
  note         = {rosler},
}

@article{dina,
  author       = {Razafindralandy, Dina and Hamdouni, Aziz and Martin, Oberlack},
  title        = {New turbulence models preserving symmetries},
  url          = {https://hal.science/hal-00312562v1/document},
  urldate      = {2025-07-19},
  note         = {symmetries}
}

@book{foias,
  title     = {Navier-Stokes Equations and Turbulence},
  publisher = {Cambridge University Press},
  year      = {2001},
  author    = {Foias, Ciprian and Manley, Oscar P. and Rosa, Ricardo and Temam, Roger},
  address   = {Cambridge, UK},
  isbn      = {9780521360326}
}

@book{trobec2015parallel,
  title     = {Parallel scientific computing: theory, algorithms, and applications of mesh based and meshless methods},
  publisher = {Springer},
  year      = {2015},
  author    = {Trobec, R and Kosec, G.},
  series    = {SpringerBriefs in Computer Science},
  address   = {New York},
}

@book{gurtin1982introduction,
  title     = {An Introduction to Continuum Mechanics},
  publisher = {Academic Press},
  year      = {1982},
  author    = {Gurtin, M. E.},
  volume    = {158},
  series    = {Mathematics in Science and Engineering},
  address   = {New York},
  isbn      = {9780080918495},
}

@book{lebedev2009introduction,
  title     = {Introduction to Mathematical Elasticity},
  publisher = {World Scientific},
  year      = {2009},
  author    = {Lebedev, L. P. and Cloud, M. J.},
  address   = {Singapur},
}

@phdthesis{vene2000categorical,
  author = {Vene, Varmo},
  title  = {Categorical programming with inductive and coinductive types},
  school = {Univerza v Tartuju},
  year   = {2000},
}

@mastersthesis{gregoric2017stopniceni,
  author = {Rok Gregorič},
  title  = {Stopničeni $E$-$\infty$ kolobarji in \textsf{Proj} v algebraični spektralni geometriji},
  school = {Fakulteta za matematiko in fiziko, Univerza v Ljubljani},
  year   = {2017},
}

@thesis{slak2015induktivni,
  author = {Jure Slak},
  title  = {Induktivni in koinduktivni tipi},
  year   = {2015},
  school = {Fakulteta za matematiko in fiziko, Univerza v Ljubljani},
  type   = {bathesis},
}

% key je ključ za sortiranje, nujen je ker manjka avtor
@online{nsphere,
  title   = {$n$-sphere},
  key     = {n-sphere},
  url     = {https://en.wikipedia.org/wiki/N-sphere},
  urldate = {2022-08-24},
  label   = {Wiki},
}

@online{STtemplate,
  title   = {DRAFT 2016 EU-wide ST templates},
  key     = {EU-wide ST templates},
  url     = {http://www.eba.europa.eu/documents/10180/1259315/DRAFT+2016+EU-wide+ST+templates.xlsx},
  urldate = {2016-08-03},
  label   = {EBA},
}

@online{NunbergerTand,
  title   = {Nürnberger Tand},
  key     = {Nürnberger Tand},
  url     = {https://www.nuernbergwiki.de/index.php/Nürnberger_Tand#Geschichte},
  urldate = {2018-01-23},
  label   = {Nür},
}

@inproceedings{kibriya2007empirical,
  author    = {Kibriya, Ashraf M. and Frank, Eibe},
  title     = {An Empirical Comparison of Exact Nearest Neighbour Algorithms},
  booktitle = {Knowledge Discovery in Databases: PKDD 2007: 11th European Conference on Principles and Practice of Knowledge Discovery in Databases, Warsaw, Poland, September 17-21, 2007. Proceedings},
  year      = {2007},
  editor    = {Kok, Joost N. and Koronacki, Jacek and Lopez de Mantaras, Ramon and Matwin, Stan and Mladeni{č}, Dunja and Skowron, Andrzej},
  pages     = {140--151},
  address   = {Berlin, Heidelberg},
  publisher = {Springer},
  doi       = {10.1007/978-3-540-74976-9_16},
  isbn      = {978-3-540-74976-9},
  url       = {https://doi.org/10.1007/978-3-540-74976-9_16},
}

@article{kearsley1975linearly,
  author  = {Kearsley, Elliot A and Fong, JT},
  title   = {Linearly independent sets of isotropic Cartesian tensors of ranks up to eight},
  journal = {J. Res. Natl Bureau of Standards Part B: Math. Sci. B},
  year    = {1975},
  volume  = {79},
  pages   = {49--58},
  doi     = {10.6028/jres.079b.005},
}

@book{vanoosten2008realizability,
  author    = {van Oosten, Jaap},
  title     = {Realizability: an Introduction to its Categorical Side},
  year      = {2008},
  volume    = {152},
  series    = {Studies in Logic},
  publisher = {elsevier},
  sortname  = {Oosten, Jaap van},
}

@Comment{jabref-meta: databaseType:bibtex;}

% vim: set tw=0:
